@article{bartal2023identifying,
  title={Identifying women with postdelivery posttraumatic stress disorder using natural language processing of personal childbirth narratives},
  author={Bartal, Alon and Jagodnik, Kathleen M and Chan, Sabrina J and Babu, Mrithula S and Dekel, Sharon},
  journal={American Journal of Obstetrics \& Gynecology MFM},
  volume={5},
  number={3},
  pages={100834},
  year={2023},
  publisher={Elsevier}
}

@article{sommerlad2021trait,
  title={Trait anxiety and unplanned delivery mode enhance the risk for childbirth-related post-traumatic stress disorder symptoms in women with and without risk of preterm birth: A multi sample path analysis},
  author={Sommerlad, Sarah and Schermelleh-Engel, Karin and La Rosa, Valentina Lucia and Louwen, Frank and Oddo-Sommerfeld, Silvia},
  journal={Plos one},
  volume={16},
  number={8},
  pages={e0256681},
  year={2021},
  publisher={Public Library of Science San Francisco, CA USA}
}

@article{brown2020language,
  title={Language models are few-shot learners},
  author={Brown, Tom and Mann, Benjamin and Ryder, Nick and Subbiah, Melanie and Kaplan, Jared D and Dhariwal, Prafulla and Neelakantan, Arvind and Shyam, Pranav and Sastry, Girish and Askell, Amanda and others},
  journal={Advances in neural information processing systems},
  volume={33},
  pages={1877--1901},
  year={2020}
}

@article{tsui2021natural,
  title={Natural language processing and machine learning of electronic health records for prediction of first-time suicide attempts},
  author={Tsui, Fuchiang R and Shi, Lingyun and Ruiz, Victor and Ryan, Neal D and Biernesser, Candice and Iyengar, Satish and Walsh, Colin G and Brent, David A},
  journal={JAMIA open},
  volume={4},
  number={1},
  pages={ooab011},
  year={2021},
  publisher={Oxford University Press}
}

@article{o2006trauma,
  title={Trauma narratives in posttraumatic stress disorder: A review},
  author={O'Kearney, Richard and Perrott, Kelly},
  journal={Journal of traumatic stress},
  volume={19},
  number={1},
  pages={81--93},
  year={2006},
  publisher={Wiley Online Library}
}

@article{crespo2016memory,
  title={Memory and narrative of traumatic events: A literature review.},
  author={Crespo, Mar{\'\i}a and Fern{\'a}ndez-Lansac, Violeta},
  journal={Psychological trauma: Theory, research, practice, and policy},
  volume={8},
  number={2},
  pages={149},
  year={2016},
  publisher={Educational Publishing Foundation}
}

@phdthesis{boyd2017multifaceted,
  title={The multifaceted measurement of the individual through language},
  author={Boyd, Ryan Lee},
  year={2017}
}

@article{engelhard2019retrieving,
  title={Retrieving and modifying traumatic memories: Recent research relevant to three controversies},
  author={Engelhard, Iris M and McNally, Richard J and van Schie, Kevin},
  journal={Current Directions in Psychological Science},
  volume={28},
  number={1},
  pages={91--96},
  year={2019},
  publisher={Sage Publications Sage CA: Los Angeles, CA}
}

@article{anokye2018prevalence,
  title={Prevalence of postpartum depression and interventions utilized for its management},
  author={Anokye, Reindolf and Acheampong, Enoch and Budu-Ainooson, Amy and Obeng, Edmund Isaac and Akwasi, Adjei Gyimah},
  journal={Annals of general psychiatry},
  volume={17},
  pages={1--8},
  year={2018},
  publisher={Springer}
}

@article{jones2022postpartum,
  title={Postpartum help-seeking: the role of stigma and mental health literacy},
  author={Jones, Aubrey},
  journal={Maternal and Child Health Journal},
  volume={26},
  number={5},
  pages={1030--1037},
  year={2022},
  publisher={Springer}
}

@article{berman2021association,
  title={Association of sexual assault history with traumatic childbirth and subsequent PTSD},
  author={Berman, Zohar and Thiel, Freya and Kaimal, Anjali J and Dekel, Sharon},
  journal={Archives of women's mental health},
  volume={24},
  pages={767--771},
  year={2021},
  publisher={Springer}
}

@article{chan2020risk,
  title={Risk factors for developing posttraumatic stress disorder following childbirth},
  author={Chan, Sabrina J and Ein-Dor, Tsachi and Mayopoulos, Philip A and Mesa, Michelle M and Sunda, Ryan M and McCarthy, Brenna F and Kaimal, Anjali J and Dekel, Sharon},
  journal={Psychiatry Research},
  volume={290},
  pages={113090},
  year={2020},
  publisher={Elsevier}
}

@article{kjerulff2021prospective,
  title={A prospective cohort study of post-traumatic stress disorder and maternal-infant bonding after first childbirth},
  author={Kjerulff, Kristen H and Attanasio, Laura B and Sznajder, Kristin K and Brubaker, Laura H},
  journal={Journal of psychosomatic research},
  volume={144},
  pages={110424},
  year={2021},
  publisher={Elsevier}
}

@article{england2020monitoring,
  title={Monitoring maternal near miss/severe maternal morbidity: A systematic review of global practices},
  author={England, Natalie and Madill, Julia and Metcalfe, Amy and Magee, Laura and Cooper, Stephanie and Salmon, Charleen and Adhikari, Kamala},
  journal={PloS one},
  volume={15},
  number={5},
  pages={e0233697},
  year={2020},
  publisher={Public Library of Science San Francisco, CA USA}
}

@article{iyengar2022increased,
  title={Increased traumatic childbirth and postpartum depression and lack of exclusive breastfeeding in Black and Latinx individuals},
  author={Iyengar, Ananya S and Ein-Dor, Tsachi and Zhang, Emily X and Chan, Sabrina J and Kaimal, Anjali J and Dekel, Sharon},
  journal={International Journal of Gynecology \& Obstetrics},
  volume={158},
  number={3},
  pages={759--761},
  year={2022},
  publisher={Wiley Online Library}
}

@article{dekel2019delivery,
  title={Delivery mode is associated with maternal mental health following childbirth},
  author={Dekel, Sharon and Ein-Dor, Tsachi and Berman, Zohar and Barsoumian, Ida S and Agarwal, Sonika and Pitman, Roger K},
  journal={Archives of women's mental health},
  volume={22},
  pages={817--824},
  year={2019},
  publisher={Springer}
}

@article{dekel2020beyond,
  title={Beyond postpartum depression: posttraumatic stress-depressive response following childbirth},
  author={Dekel, Sharon and Ein-Dor, Tsachi and Dishy, Gabriella A and Mayopoulos, Philip A},
  journal={Archives of women's mental health},
  volume={23},
  pages={557--564},
  year={2020},
  publisher={Springer}
}

@article{dekel2016trauma,
  title={Trauma and posttraumatic stress disorder},
  author={Dekel, Sharon and Gilberston, M and Orr, S and Rauch, S and Pitman, R},
  journal={Massachusetts general hospital comprehensive clinical psychiatry},
  volume={2},
  pages={380--394},
  year={2016},
  publisher={Elsevier Philadelphia, PA}
}

@article{yildiz2017prevalence,
  title={The prevalence of posttraumatic stress disorder in pregnancy and after birth: A systematic review and meta-analysis},
  author={Yildiz, Pelin Dikmen and Ayers, Susan and Phillips, Louise},
  journal={Journal of affective disorders},
  volume={208},
  pages={634--645},
  year={2017},
  publisher={Elsevier}
}

@article{bang2023multitask,
  title={A multitask, multilingual, multimodal evaluation of chatgpt on reasoning, hallucination, and interactivity},
  author={Bang, Yejin and Cahyawijaya, Samuel and Lee, Nayeon and Dai, Wenliang and Su, Dan and Wilie, Bryan and Lovenia, Holy and Ji, Ziwei and Yu, Tiezheng and Chung, Willy and others},
  journal={arXiv preprint arXiv:2302.04023},
  year={2023}
}

@article{davis1962norm,
  title={The norm of the Schur product operation},
  author={Davis, Chandler},
  journal={Numerische Mathematik},
  volume={4},
  number={1},
  pages={343--344},
  year={1962},
  publisher={Springer}
}

@article{wolf2019huggingface,
  title={Huggingface's transformers: State-of-the-art natural language processing},
  author={Wolf, Thomas and Debut, Lysandre and Sanh, Victor and Chaumond, Julien and Delangue, Clement and Moi, Anthony and Cistac, Pierric and Rault, Tim and Louf, R{\'e}mi and Funtowicz, Morgan and others},
  journal={arXiv preprint arXiv:1910.03771},
  year={2019}
}

@article{ji2021mentalbert,
  title={Mentalbert: Publicly available pretrained language models for mental healthcare},
  author={Ji, Shaoxiong and Zhang, Tianlin and Ansari, Luna and Fu, Jie and Tiwari, Prayag and Cambria, Erik},
  journal={arXiv preprint arXiv:2110.15621},
  year={2021}
}

@article{ji2023domain,
  title={Domain-specific Continued Pretraining of Language Models for Capturing Long Context in Mental Health},
  author={Ji, Shaoxiong and Zhang, Tianlin and Yang, Kailai and Ananiadou, Sophia and Cambria, Erik and Tiedemann, J{\"o}rg},
  journal={arXiv preprint arXiv:2304.10447},
  year={2023}
}


@article{luo2022biogpt,
  title={BioGPT: generative pre-trained transformer for biomedical text generation and mining},
  author={Luo, Renqian and Sun, Liai and Xia, Yingce and Qin, Tao and Zhang, Sheng and Poon, Hoifung and Liu, Tie-Yan},
  journal={Briefings in Bioinformatics},
  volume={23},
  number={6},
  pages={bbac409},
  year={2022},
  publisher={Oxford University Press}
}

@article{amin2023will,
  title={Will affective computing emerge from foundation models and general ai? A first evaluation on chatgpt},
  author={Amin, Mostafa M and Cambria, Erik and Schuller, Bj{\"o}rn W},
  journal={arXiv preprint arXiv:2303.03186},
  year={2023}
}

@article{qin2023chatgpt,
  title={Is ChatGPT a general-purpose natural language processing task solver?},
  author={Qin, Chengwei and Zhang, Aston and Zhang, Zhuosheng and Chen, Jiaao and Yasunaga, Michihiro and Yang, Diyi},
  journal={arXiv preprint arXiv:2302.06476},
  year={2023}
}

@article{lamichhane2023evaluation,
  title={Evaluation of chatgpt for nlp-based mental health applications},
  author={Lamichhane, Bishal},
  journal={arXiv preprint arXiv:2303.15727},
  year={2023}
}


@article{alsentzer2019publicly,
  title={Publicly available clinical BERT embeddings},
  author={Alsentzer, Emily and Murphy, John R and Boag, Willie and Weng, Wei-Hung and Jin, Di and Naumann, Tristan and McDermott, Matthew},
  journal={arXiv preprint arXiv:1904.03323},
  year={2019}
}

@article{gordijn2023chatgpt,
  title={ChatGPT: evolution or revolution?},
  author={Gordijn, Bert and Have, Henk ten},
  journal={Medicine, Health Care and Philosophy},
  volume={26},
  number={1},
  pages={1--2},
  year={2023},
  publisher={Springer}
}

@article{galido2023case,
  title={A Case Study Demonstrating Applications of ChatGPT in the Clinical Management of Treatment-Resistant Schizophrenia},
  author={Galido, Pearl Valentine and Butala, Saloni and Chakerian, Meg and Agustines, Davin},
  journal={Cureus},
  volume={15},
  number={4},
  year={2023},
  publisher={Cureus}
}


@article{li2023chatgpt,
  title={ChatGPT in Healthcare: A Taxonomy and Systematic Review},
  author={Li, Jianning and Dada, Amin and Kleesiek, Jens and Egger, Jan},
  journal={medRxiv},
  pages={2023--03},
  year={2023},
  publisher={Cold Spring Harbor Laboratory Press}
}

@article{brants2007large,
  title={Large language models in machine translation},
  author={Brants, Thorsten and Popat, Ashok C and Xu, Peng and Och, Franz J and Dean, Jeffrey},
  year={2007}
}

@article{van2022childbirth,
  title={Childbirth related PTSD and its association with infant outcome: A systematic review},
  author={Van Sieleghem, Sofie and Danckaerts, Marina and Rieken, Rob and Okkerse, Jolanda ME and de Jonge, Ellen and Bramer, Wichor M and Lambregtse-van den Berg, Mijke P},
  journal={Early Human Development},
  pages={105667},
  year={2022},
  publisher={Elsevier}
}

@article{dekel2019childbirth,
  title={Is childbirth-induced PTSD associated with low maternal attachment?},
  author={Dekel, Sharon and Thiel, Freya and Dishy, Gabriella and Ashenfarb, Alyssa L},
  journal={Archives of women's mental health},
  volume={22},
  pages={119--122},
  year={2019},
  publisher={Springer}
}

@article{lyons2022developmental,
  title={Developmental costs associated with early maternal withdrawal},
  author={Lyons-Ruth, Karlen and Yarger, Heather A},
  journal={Child Development Perspectives},
  volume={16},
  number={1},
  pages={10--17},
  year={2022},
  publisher={Wiley Online Library}
}

@article{luca2019societal,
  title={Societal costs of untreated perinatal mood and anxiety disorders in the United States},
  author={Luca, Dara Lee and Garlow, Nellie and Staatz, Colleen and Margiotta, Caroline and Zivin, Kara},
  journal={Mathematica Policy Research},
  volume={1},
  year={2019}
}

@article{vanaken2021keep,
  title={Keep calm and carry on: the relations between narrative coherence, trauma, social support, psychological well-being, and cortisol responses},
  author={Vanaken, Lauranne and Smeets, Tom and Bijttebier, Patricia and Hermans, Dirk},
  journal={Frontiers in Psychology},
  volume={12},
  pages={558044},
  year={2021},
  publisher={Frontiers Media SA}
}

@article{alvarez2001linguistic,
  title={Linguistic predictors of trauma pathology and physical health},
  author={Alvarez-Conrad, Jennifer and Zoellner, Lori A and Foa, Edna B},
  journal={Applied Cognitive Psychology: The Official Journal of the Society for Applied Research in Memory and Cognition},
  volume={15},
  number={7},
  pages={S159--S170},
  year={2001},
  publisher={Wiley Online Library}
}

